%prvy zdroj
@article{wilkinson2016brief,
  title={A brief history of serious games},
  author={Wilkinson, Phil},

  journal={Entertainment computing and serious games},
  pages={17--41},
  year={2016},
  publisher={Springer}
}

%druhy zdroj
@article{alvarez2011introduction,
  title={An introduction to Serious game Definitions and concepts},
  author={Alvarez, Julian and Djaouti, Damien and others},
  journal={Serious games \& simulation for risks management},
  volume={11},
  number={1},
  pages={11--15},
  year={2011},
  publisher={LARSEN Science}
}

%treti zdroj (primarny)
@inproceedings{natucci2021experience,
  title={The Experience, Dynamics and Artifacts Framework: Towards a Holistic Model for Designing Serious and Entertainment Games},
  author={Natucci, Gabriel C and Borges, Marcos AF},
  booktitle={2021 IEEE Conference on Games (CoG)},
  pages={1--8},
  year={2021},
  organization={IEEE}
}

%stvrty zdroj
@book{owen2013game,
  title={Game theory},
  author={Owen, Guillermo},
  year={2013},
  publisher={Emerald Group Publishing}
}

%piaty zdroj
@article{egenfeldt2012europa,
  title={EUROPA UNIVERSALIS II: Conquest, trading, diplomacy from the Middle Ages to Napoleon},
  author={Egenfeldt-Nielsen, Simon},
  journal={Well Played},
  volume={1},
  number={3},
  year={2012}
}

%siesty zdroj
@book{schell2008art,
  title={The Art of Game Design: A book of lenses},
  author={Schell, Jesse},
  year={2008},
  publisher={CRC press}
}

%siedmy zdroj 
@inproceedings{mitgutsch2012purposeful,
  title={Purposeful by design? A serious game design assessment framework},
  author={Mitgutsch, Konstantin and Alvarado, Narda},
  booktitle={Proceedings of the International Conference on the foundations of digital games},
  pages={121--128},
  year={2012}
}

%osmy zdroj
@article{an2015subconscious,
  title={Subconscious learning via games and social media},
  author={An, Ji-Young},
  journal={Healthcare Informatics Research},
  volume={21},
  number={3},
  pages={206--208},
  year={2015},
  publisher={Korean Society of Medical Informatics}
}

